@manual{datasheet:phosphineoxide,
    organization  = "Sigma-Aldrich",
    title         = "SAFETY DATA SHEET Phenylbis(2,4,6-trimethylbenzoyl)phosphineoxide: 511447",
    year          =  2024,
    month         =  1,
    note          =  "Rev. 6.6",
    url           =  "https://www.sigmaaldrich.com/DE/en/sds/aldrich/511447"
}

@manual{datasheet:methacrylate,
    organization  = "Sigma-Aldrich",
    title         = "SAFETY DATA SHEET Hydroxypropyl Methacrylate: 8.00610",
    year          =  2023,
    month         =  2,
    note          =  "Rev. 6.5",
    url           =  "www.sigmaaldrich.com/DE/en/sds/mm/8.00610"
}

@manual{datasheet:urethandimethacrylat,
    organization  = "Sigma-Aldrich",
    title         = "SAFETY DATA SHEET Diurethane Dimethacrylate: 436909", 
    year          =  2023,
    month         =  6,
    note          =  "Rev. 6.10",
    url           =  "www.sigmaaldrich.com/DE/en/sds/aldrich/436909"
}

@manual{datasheet:black_resin,
    organization  = "Formlabs, Inc",  
    title         = "SAFETY DATA SHEET Black Resin:  FLGPBK04", 
    year          =  2022,
    month         =  1,
    note          =  "Accessed: 2024-31-5",
    url           =  "https://formlabs-media.formlabs.com/datasheets/1801033-SDS-ENEU-0.pdf"
}

@manual{datasheet:sipm,
    organization  = "Hamamatsu Photonics K.K.",
    title         = "MPPC (Multi-Pixel Photon Counter) S13360 series",
    year          =  2022,
    month         =  10,    
}

@manual{datasheet:sipm15,
    organization  = "HBroadcom Inc.",
    title         = "AFBR-S4K33C0115B - 3 × 3 $mm^2$ Single SiPM, WB-Type, 15-µm SPAD Pitch",
    year          =  2021,
    month         =  10,
    url           =  "https://docs.broadcom.com/doc/AFBR-S4K33C0115B-SiPM-DS"
}

@manual{datasheet:sipm25,
    organization  = "Broadcom Inc.",
    title         = "AFBR-S4K33C0125B - 3 × 3 $mm^2$ Single SiPM, WB-Type, 25-µm SPAD Pitch",
    year          =  2021,
    month         =  10,
    url           =  "https://docs.broadcom.com/doc/AFBR-S4K33C0125B-SiPM-DS"
}

@manual{datasheet:hamamatsu_R2059,
  title        = {R1828-01, R2059 Photomultiplier Tubes Datasheet},
  author       = {Hamamatsu Photonics},
  organization = {Hamamatsu Photonics K.K.},
  year         = {2019},
  url          = {https://www.hamamatsu.com/content/dam/hamamatsu-photonics/sites/documents/99\_SALES\_LIBRARY/etd/R1828-01\_R2059\_TPMH1259E.pdf},
  note         = {Accessed: 2024-10-28}
}

@misc{spectral:hamamatsu_R2059,
  author       = {Tested by: K. Katsuyama},
  title        = {Spectral Response Characteristics},
  year         = {2013},
  note         = "Tube Type: R2059; Serial No: BA3200"
}

@manual{semiconductor2022introduction,
  title={Introduction to the silicon photomultiplier (SiPM) - AND9770/D},
  organization={Semiconductor Components Industries, LLC},
  month="8",
  year={2023}
}

@misc{sipm:temperature,
  title        = "Technical Notes - How does temperature affect the gain of an SiPM?",
  author       = "Hamamatsu Photonics K.K.",
  howpublished = "\url{https://hub.hamamatsu.com/us/en/technical-notes/mppc-sipms/how-does-temperature-affect-the-gain-of-an-SiPM.html}",
  note         = "Accessed: 2024-01-10"
}

@article{geant4:paperqbbc,
author = {Anton V. Ivantchenko et al.},
title = {Geant4 hadronic physics for space radiation environment},
journal = {International Journal of Radiation Biology},
year = {2012},
doi = {10.3109/09553002.2011.610865},
}

@manual{geant4:guidephyslist,
  title={Geant4 - Guide For Physics Lists},
  organization={Geant4 Colaboration},
  month="12",
  year={2023},
  note=  "Release 11.2 Rev. 8.0",
  url=  "https://geant4-userdoc.web.cern.ch/UsersGuides/PhysicsListGuide/fo/PhysicsListGuide.pdf"
}

@article{geant4:paper:villagrasa,
author = {C. Villagrasa et al.},
year = {2004},
month = {09},
title = {Measurement of residual nucleus cross sections and recoil energies in p + Fe collisions at 300, 500, 750, 1000 and 1500 MeV},
volume = {769},
journal = {AIP Conference Proceedings},
doi = {10.1063/1.1945137}
}

@article{papaer:muon,
title = {Characterization of atmospheric muons at sea level using a cosmic ray telescope},
journal = {Nuclear Instruments and Methods in Physics Research Section A: Accelerators, Spectrometers, Detectors and Associated Equipment},
volume = {903},
pages = {77-84},
year = {2018},
issn = {0168-9002},
doi = {https://doi.org/10.1016/j.nima.2018.06.038},
author = {J.L. Autran et al.}
}

@article{paper:wet:calc,
doi = {10.1088/0031-9155/54/6/001},
url = {https://dx.doi.org/10.1088/0031-9155/54/6/001},
year = {2009},
volume = {54},
number = {6},
pages = {1383},
author = {R. Zhang and W. D. Newhauser},
title = {Calculation of water equivalent thickness of materials of arbitrary density, elemental composition and thickness in proton beam irradiation},
journal = {Physics in Medicine \& Biology},
}

@book{paper:wet:approx,
  title={Absorbed Dose Determination in External Beam Radiotherapy},
  series={Technical Reports Series},
  number={398},
  year={2001},
  isbn={92-0-102200-X},
  url={https://www.iaea.org/publications/5954/absorbed-dose-determination-in-external-beam-radiotherapy},
  publisher={INTERNATIONAL ATOMIC ENERGY AGENCY}
}

@article{birksconstant,
title = {Semi-empirical calculation of quenching factors for ions in scintillators},
journal = {Astroparticle Physics},
volume = {33},
number = {1},
pages = {40-53},
year = {2010},
issn = {0927-6505},
doi = {https://doi.org/10.1016/j.astropartphys.2009.11.002},
author = {V.I. Tretyak}
}

@misc{beamenergie,
  author       = {Dr. K-S. Baumann, THM Giessen},
  title        = {Personal communication},
  year         = {2024}
}

@misc{personal:bortfeld,
  author       = {Prof. Dr. T. Bortfeld, Harvard University},
  title        = {Personal communication},
  year         = {2024}
}

@misc{valera,
  author       = {Dr. V. Dormenev, JLU Giessen},
  title        = {Personal communication},
  year         = {2024}
}

@misc{dimar,
  author       = {Dr. D. Kazlou, JLU Giessen},
  title        = {Personal communication},
  year         = {2024}
}

@misc{rene,
  author       = {R. Schubert, JLU Giessen},
  title        = {Personal communication},
  year         = {2024}
}

@misc{zaunick,
  author       = {Dr. H.-G. Zaunick, JLU Giessen},
  title        = {Personal communication},
  year         = {2024}
}

@book{inttable,
  title = {Table of Integrals, Series, and Products},
  author = {Gradshteyn, I. S. and Ryzhik, I. M.},
  edition = {Corrected and enlarged},
  year = {1980},
  publisher = {Academic Press},
  address = {San Diego}
}

@article{paper:kilian,
doi = {10.1088/1361-6560/aa641f},
url = {https://dx.doi.org/10.1088/1361-6560/aa641f},
year = {2017},
month = {4},
publisher = {IOP Publishing},
author = {K.-S. Baumann et al.},
title = {An efficient method to predict and include Bragg curve degradation due to lung-equivalent materials in Monte Carlo codes by applying a density modulation},
journal = {Physics in Medicine \& Biology}
}

@article{pdg,
    author = "Workman, R. L. and Others",
    collaboration = "Particle Data Group",
    title = "{Review of Particle Physics}",
    doi = "10.1093/ptep/ptac097",
    year = "2022"
}

@article{LANNUNZIATA20031,
author = {L'Annunziata, Michael},
year = {2003},
month = {01},
pages = {1-121},
title = {Nuclear Radiation, Its Interaction with Matter and Radioisotope Decay},
journal = {Handbook of Radioactivity Analysis},
doi = {10.1016/B978-012436603-9/50006-5}
}

@book{birks1964scintillation,
  author    = {J. B. Birks},
  title     = {The Theory and Practice of Scintillation Counting},
  year      = {1964},
  publisher = {Pergamon Press},
  address   = {Oxford},
}

@article{paper:bortfeld,
author = {T. Bortfeld},
title = {An analytical approximation of the Bragg curve for therapeutic proton beams},
journal = {Medical Physics},
volume = {24},
number = {12},
pages = {2024-2033},
doi = {https://doi.org/10.1118/1.598116},
year = {1997}
}

@book{beddar2016scintillation,
  title     = {Scintillation Dosimetry},
  editor    = {S. Beddar and L. Beaulieu},
  year      = {2016},
  publisher = {CRC Press},
  address   = {Boca Raton, FL},
  edition   = {1st},
  isbn      = {9781315372655}
}

@book{paper:obodovskiy_radiation_2019,
  title     = {Radiation: Fundamentals, Applications, Risks, and Safety},
  author    = {Obodovskiy, Ilya},
  year      = {2019},
  publisher = {Elsevier},
  address   = {Amsterdam, Netherlands},
  isbn      = {9780444639790},
  doi       = {https://doi.org/10.1016/C2016-0-02609-8}
}

@misc{brinkmannwiki,
  author       = {{Internal AG Brinkmann Wiki}},
  title        = {LY Measurement},
  howpublished = {10, 2024},
  url         = {http://zimablue.physik.uni-giessen.de:9081/index.php/LY_measurement}
}

@article{paper:betterbortfeld,
doi = {10.1088/0031-9155/56/24/003},
url = {https://dx.doi.org/10.1088/0031-9155/56/24/003},
year = {2011},
volume = {56},
number = {24},
pages = {7725},
author = {Xiaodong Zhang et al.},
title = {Parameterization of multiple Bragg curves for scanning proton beams using simultaneous fitting of multiple curves},
journal = {Physics in Medicine \& Biology}
}

@misc{bayer:baysilone,
    author       = {{Bayer AG}},
    title        = {Baysilone\textsuperscript{\textregistered} Fluids Brochure},
    year         = {2020},
    url          = {https://dcproducts.com.au/wp-content/uploads/2020/12/BayerBaysiloneFluidsBrochure.pdf},
    note         = {Accessed: 2024-10-30}
}

@book{cms:tdr,
      collaboration = "CMS",
      title         = "{The CMS electromagnetic calorimeter project: Technical
                       Design Report}",
      publisher     = "CERN",
      address       = "Geneva",
      series        = "Technical design report. CMS",
      year          = "1997",
      url           = "https://cds.cern.ch/record/349375",
}

@article{SCHNEEGANS19973,
title = {Status of the lead tungstate crystal calorimeter of CMS},
journal = {Nuclear Physics B - Proceedings Supplements},
volume = {54},
number = {3},
pages = {3-13},
year = {1997},
doi = {https://doi.org/10.1016/S0920-5632(97)00086-8},
author = {M. Schneegans},
}

@misc{pandacollaboration2008technicaldesignreportpanda,
      title={Technical Design Report for PANDA Electromagnetic Cal\-o\-rim\-e\-ter (EMC)}, 
      author={PANDA Collaboration},
      year={2008},
      eprint={0810.1216},
      archivePrefix={arXiv},
      primaryClass={physics.ins-det},
      url={https://arxiv.org/abs/0810.1216}, 
}

@manual{infineon_bga614,
    title        = "{BGA614: Silicon Germanium Broadband MMIC Amplifier}",
    author       = "{Infineon Technologies AG}",
    year         = "2006",
    month        = "04",
    note         = "Datasheet, Version 2.1",
    url          = "https://www.infineon.com/dgdl/Infineon-BGA614-DS-v02_01-en.pdf?fileId=db3a304314dca3890115418ffd35163a",
}

@book{knoll2000radiation_Germanium,
  title     = {Radiation Detection and Measurement},
  author    = {Knoll, Glenn F.},
  year      = {2010},
  publisher = {John Wiley \& Sons},
  address   = {New York},
  edition   = {4rd},
  note      = {Chapter 12: Germanium Gamma-Ray Detectors}
}

@book{knoll2000radiation_scintillation,
  title     = {Radiation Detection and Measurement},
  author    = {Knoll, Glenn F.},
  year      = {2010},
  publisher = {John Wiley \& Sons},
  address   = {New York},
  edition   = {4rd},
  note      = {Chapter 8: Scintillation Detector Principles}
}

@book{Wackerly2020,
  author    = {Dennis D. Wackerly and William Mendenhall and Richard L. Scheaffer},
  title     = {Mathematical Statistics with Applications in R},
  edition   = {3rd},
  year      = {2020},
  publisher = {Cengage Learning},
  address   = {Boston},
  isbn      = {978-1-305-26349-0},
  note      = {Chapter 7: Linear regression models}
}

@misc{OrtecGLP2024,
  author       = {Ortec},
  title        = {GLP Series Planar HPGe Product Con\-fig\-u\-ra\-tion\-Guide},
  year         = {2022},
  url          = {https://www.ortec-online.com/-/media/ametekortec/brochures/g/glp.pdf?la=en&revision=d2f3ad55-1751-41ab-9e6f-d473a1cf6f31},
  note         = {Accessed: 2024-11-06}
}

@misc{ortec_mobius,
  author       = {Ortec},
  title        = {Möbius Recycler User's Manual},
  year         = {2022},
  url          = {https://www.ortec-online.com/-/media/ametekortec/manuals/m/mobius-mnl.pdf?la=en&revision=26058d82-7c1f-4014-9221-56d992988d53},
  note         = {Accessed: 2024-11-06},
}

@article{titt,
author = {Titt et al.},
title = {Degradation of proton depth dose distributions attributable to microstructures in lung-equivalent material},
journal = {Medical Physics},
volume = {42},
number = {11},
pages = {6425-6432},
doi = {https://doi.org/10.1118/1.4932625},
year = {2015}
}

@misc{alufoil,
  author       = {Carl Roth},
  title        = {Aluminium foil Rotilabo{\textregistered}},
  howpublished = {\url{https://www.carlroth.com/fr/en/film/aluminium-foil-rotilabo/p/0954.1}},
  note         = {Accessed: 2024-11-20}
}

@misc{bortfeld_bragg_peak_2023,
    author       = {T. Bortfeld},
    title        = {Bragg Peak Water v1 3.py},
    year         = {2023},
    howpublished = {Python program available online},
    note         = {Accessed: 2024-11-25},
    url          = {https://gray.mgh.harvard.edu/research/software},
}

@book{abramowitz_stegun,
  title={Handbook of Mathematical Functions with Formulas, Graphs, and Mathematical Tables},
  author={Abramowitz, Milton and Stegun, Irene A.},
  year={1972},
  publisher={Dover Publications, Inc.}
}

@techreport{ICRU49,
  title        = {Stopping Powers and Ranges for Protons and Alpha Particles},
  institution  = {International Commission on Radiation Units and Measurements (ICRU)},
  year         = {1993},
  institution  = {{ICRU}},
  number       = {Report 49},
  note         = {ISBN: 978-0-913394-49-2}
}

@techreport{ICRU44,
  title        = {Tissue Substitutes in Radiation Dosimetry and Measurement},
  author       = {International Commission on Radiation Units and Measurements (ICRU)},
  year         = {1989},
  number       = {Report 44},
  institution  = {{ICRU}},
  note         = {ISBN 0-913394-38-6}
}


@article{Wilson,
author = {Wilson, Robert R.},
title = {Radiological Use of Fast Protons},
journal = {Radiology},
volume = {47},
number = {5},
pages = {487-491},
year = {1946},
doi = {10.1148/47.5.487},
}

@article{Parodi2006,
doi = {10.1088/0031-9155/51/8/003},
year = {2006},
volume = {51},
number = {8},
pages = {1991},
author = {K. Parodi and T. Bortfeld},
title = {A filtering approach based on Gaussian-power\-law convolutions for local PET verification of proton radiotherapy},
journal = {Physics in Medicine \& Biology},
}

@article{Garutti_2019,
   title={Radiation damage of SiPMs},
   volume={926},
   ISSN={0168-9002},
   DOI={10.1016/j.nima.2018.10.191},
   journal={Nuclear Instruments and Methods in Physics Research Section A: Accelerators, Spectrometers, Detectors and Associated Equipment},
   author={Garutti, E. and Musienko, Yu.},
   year={2019},
}

@misc{ptb_co60,
  author       = "{Physikalisch-Technische Bundesanstalt (PTB)}",
  title        = "Properties of Co-60 Radiation",
  year         = "2024",
  url          = "https://www.ptb.de/cms/en/ptb/fachabteilungen/abt6/fb-62/621-dosimetry-for-radiotherapy/gamma-irradiation-facility/properties-of-co-60-radiation.html",
  note         = "[Accessed: 31-Dec-2024]"
}

@misc{heatdeflection,
  author       = {{Heat Deflection}},
  title        = {Black Resin},
  year         = {2025},
  url          = {https://formlabs.com/de/shop/materials/black-resin/},
  note         = {Accessed: 2025-01-06}
}

@misc{caen_v1730,
  author       = {{CAEN S.p.A.}},
  title        = {V1730 - 16 Channel 500 MS/s 14-bit Digitizer},
  year         = {2025},
  url          = {https://www.caen.it/products/v1730/},
  note         = {Accessed: 2025-01-06}
}

@misc{ROOT,
  author       = "{ROOT Team}",
  title        = "{ROOT}: Data Analysis Framework",
  howpublished = "\url{https://root.cern/}",
  year         = {2023},
  note         = "Accessed: 2025-01-08"
}

@misc{tetratex_brochure,
  title        = {Tetratex® ePTFE Membrane Brochure},
  author       = {{Donaldson Company, Inc.}},
  year         = {2025},
  note         = {Accessed: 2025-01-08},
  url          = {https://www.donaldson.com/content/dam/donaldson/membranes/literature/north-america/f117000-eng/Tetratex-Membrane-Brochure.pdf}
}

@misc{tyvek,
  title        = {TYVEK®},
  author       = {{DuPont}},
  year         = {2025},
  note         = {Accessed: 2025-01-08},
  url          = {https://www.dupont.com/brands/tyvek.html}
}

@misc{hitachi_U3200,
  author       = {Hitachi High-Tech Corporation},
  title        = {Hitachi U-3200 Spectrophotometer},
  year         = {2025},
  note         = {Accessed: 2025-01-08},
  url          = {https://www.hitachi-hightech.com/global/product/spectrophotometer/u-3200/}
}

@article{Malitson:65,
author = {I. H. Malitson},
journal = {J. Opt. Soc. Am.},
keywords = {Chromatic aberration; Material properties; Optical materials; Optical systems; Optical testing; Refractive index},
publisher = {Optica Publishing Group},
title = {Interspecimen Comparison of the Refractive Index of Fused Silica},
volume = {55},
month = {Oct},
year = {1965},
doi = {10.1364/JOSA.55.001205},
}

@article{ANNENKOV200230,
title = {Lead tungstate scintillation material},
journal = {Nuclear Instruments and Methods in Physics Research Section A: Accelerators, Spectrometers, Detectors and Associated Equipment},
year = {2002},
doi = {https://doi.org/10.1016/S0168-9002(02)00916-6},
}

@misc{mtcroot,
  author       = {Dr. Kazlou},
  title        = {MTCRoot},
  year         = {2025},
  url          = {https://github.com/DrKazlou/MTCRoot},
  note         = {Accessed: 2025-01-09}
}

@article{Auffray_2015,
doi = {10.1088/1742-6596/587/1/012062},
year = {2015},
author = {E. Auffray et al.},
title = {DSB:Ce3+ scintillation glass for future},
journal = {Journal of Physics: Conference Series},
}

@article{NESSITEDALDI1998266,
title = {Overview of PbWO4 calorimeter in CMS},
journal = {Nuclear Instruments and Methods in Physics Research Section A: Accelerators, Spectrometers, Detectors and Associated Equipment},
year = {1998},
doi = {https://doi.org/10.1016/S0168-9002(98)00321-0},
author = {F Nessi-Tedaldi}
}

@manual{tektronix2450,
  title        = {2450 SourceMeter® SMU Instrument Datasheet},
  author       = {{Tektronix}},
  year         = {2022},
  url          = {https://download.tek.com/datasheet/1KW-60904-2_2450_Datasheet_121724.pdf},
  note         = {Accessed: 2025-01-15}
}